% deep learning
@inproceedings{alexnet,
	title={Imagenet classification with deep convolutional neural networks},
	author={Krizhevsky, Alex and Sutskever, Ilya and Hinton, Geoffrey E},
	booktitle={NIPS},
	pages={1097--1105},
	year={2012}
}@article{residual_net,
	title={Deep Residual Learning for Image Recognition},
	author={Kaiming He and Xiangyu Zhang and Shaoqing Ren and Jian Sun},
	journal={CVPR},
	year={2016},
}
@article{deep_asr,
	title={Automatic Speech Recognition.},
	author={Dong Yu and Li Deng},
	journal={Springer},
	year={2012},
}
@article{vgg,
	title={Very deep convolutional networks for large-scale image recognition.},
	author={Karen Simonyan and Andrew Zisserman},
	journal={arxiv},
	year={2014},
}
@article{alphago,
	title={Mastering the game of Go with deep neural networks and tree search.},
	author={David Silver and Aja Huang and Chris Maddison and Arthur Guez and Laurent Sifre and	George van den Driessche and Julian Schrittwieser and Ioannis Antonoglou and Veda Panneershelvam and	Marc Lanctot and Sander Dieleman and Dominik Grewe and John Nham and Nal Kalchbrenner and Ilya Sutskever and Timothy Lillicrap and Madeleine Leach and Koray Kavukcuoglu and Thore Graepel and Demis Hassabis},
	journal={Nature},
	year={2016},
}
@article{deep-atari,
	title={Playing Atari with Deep Reinforcement Learning.},
	author={Volodymyr Mnih and Koray Kavukcuoglu and David Silver and Alex Graves and Ioannis Antonoglou and Daan Wierstra and Martin Riedmiller},
	journal={NIPS Workshop},
	year={2013},
}

@article{nn-pr,
	title={Neural networks for pattern recogSontag, Eduardo D. "VC dimension of neural networks." NATO ASI Series F Computer and Systems Sciences 168 (1998): 69-96.nition.},
	author={Christopher Bishop},
	journal={Oxford university press},
	year={1995},
}
@article{unsup-l2,
	title={Unsupervised learning of feature hierarchies.},
	author={Marc'Aurelio Ranzato.},
	journal={Thesis},
	year={2009},
}
@article{dropout,
	title={Dropout: a simple way to prevent neural networks from overfitting.},
	author={Nitish Srivastava and Geoffrey Hinton and Alex Krizhevsky and Ilya Sutskever and Ruslan Salakhutdinov},
	journal={JMLR},
	volume={15},
	number={1},
	pages={1929--1958},
	year={2014},
}
@article{decorr,
	title={Reducing Overfitting in Deep Networks by Decorrelating Representations.},
	author={Michael Cogswell and Faruk Ahmed and Ross Girshick and Larry Zitnick and Dhruv Batra},
	journal={ICLR},
	year={2016},
}
@article{multiverse,
	title={The Multiverse Loss for Robust Transfer Learning.},
	author={Etai Littwin and Lior Wolf},
	journal={arxiv},
	year={2015},
}

% tenenbaum
@inproceedings{lake-tutorial,
	title={Building Machines That Learn and Think Like People},
	author={Brenden Lake and Tomer Ullman and Joshua B. Tenenbaum and Samuel J. Gershman},
	booktitle={arxiv},
	year={2016},
}
@inproceedings{lake-omniglot,
	title={One shot learning of simple visual concepts},
	author={Brenden M. Lake and Ruslan Salakhutdinov and Jason Gross and Joshua B. Tenenbaum},
	booktitle={CogSci},
	year={2011},
}

% learn-to-learn
@article{learn-to-learn1,
	title={Lifelong learning algorithms.},
	author={Sebastian Thrun.},
	journal={Learning to learn},
	pages={181--209},
	year={1998},
}
@article{learn-to-learn,
	title={Learning to learn},
	author={Sebastian Thrun and Lorien Pratt.},
	journal={Springer Science \& Business Media},
	year={2012},
}
@article{meta-learn-review,
	title={A perspective view and survey of meta-learning.},
	author={Ricardo Vilalta and Youssef Drissi.},
	journal={Artificial Intelligence Review},
	volume={18},
	number={2},
	pages={77--95},
	year={2002},
}
@article{meta-learn-intro,
	title={Introduction to the special issue on meta-learning.},
	author={Christophe Giraud-Carrier and Ricardo Vilalta and Pavel Brazdil.},
	journal={Machine learning},
	volume={54},
	number={3},
	pages={187--193},
	year={2004},
}
@article{meta-learn-lstm,
	title={Learning to learn using gradient descent.},
	author={Sepp Hochreiter and Steven Younger and Peter Conwell},
	journal={In Artificial Neural Networks ICANN},
	pages={87--94},
	year={2001},
}
@article{meta-learn-theory,
	title={Theoretical models of learning to learn.},
	author={Jonathan Baxter.},
	journal={Learning to learn. Springer US},
	pages={71--94},
	year={1998},
}
@article{meta-learn-rl,
	title={Meta-learning in reinforcement learning.},
	author={Nicolas Schweighofer and Kenji Doya.},
	journal={Neural Networks},
	volume={16},
	number={1},
	pages={5--9},
	year={2003},
}
@article{meta-learn-svm,
	title={Learning to learn with the informative vector machine.},
	author={Neil D. Lawrence and John C. Platt.},
	journal={ICML},
	year={2004},
}
@article{learn-to-learn-gd-gd,
	title={Learning to learn by gradient descent by gradient descent.},
	author={Marcin Andrychowicz and Misha Denil and Sergio Gomez and Matthew W. Hoffman and David Pfau and Tom Schaul and Nando de Freitas},
	journal={arxiv},
	year={2016},
}

% bayesian
@article{bow-one-shot,
	title={One-shot learning of object categories.},
	author={Li Fei-Fei and Rob Fergus and Pietro Perona},
	journal={PAMI},
	volume={28},
	issue={4},
	pages={594--611},
	year={2006},
}
@article{lake-bpl,
	title={Human-level concept learning through probabilistic program induction.},
	author={Brenden Lake and Ruslan Salakhutdinov and Joshua Tenenbaum.},
	journal={Science},
	pages={1332--1338},
	year={2015},
}

% low-shot
@article{low-shot,
	title={Low-shot visual object recognition.},
	author={Bharath Hariharan and Ross Girshick.},
	journal={arxiv},
	year={2016},
}
@article{low-shot-distill,
	title={Unifying distillation and privileged information.},
	author={David Lopez-Paz and L\'{e}on Bottou and Bernhard Sch\"{o}lkopf and Vladimir Vapnik.},
	journal={arxiv},
	year={2015},
}
@article{batch-normalization,
	title={Batch normalization: Accelerating deep network training by reducing internal covariate shift.},
	author={Sergey Ioffe and Christian Szegedy},
	journal={arxiv},
	year={2015},
}
@article{analysis-loglinear,
	title={A convergence analysis of log-linear training.},
	author={Simon Wiesler and Hermann Ney},
	journal={NIPS},
	year={2011},
}
@article{analysis-deeplinear,
	title={Deep Learning Made Easier by Linear Transformations in Perceptrons.},
	author={Tapani Raiko and Harri Valpola and Yann LeCun},
	journal={AISTATS},
	volume = {22},
	year={2012},
}
@article{analysis-paraavr,
	title={Parallel training of DNNs with natural gradient and parameter averaging.},
	author={Daniel Povey and Xiaohui Zhang and Sanjeev Khudanpur},
	journal={CoRR},
	year={2014},
}
@article{natural-neural-networks,
	title={Parallel training of DNNs with natural gradient and parameter averaging.},
	author={Guillaume Desjardins and Karen Simonyan and Razvan Pascanu},
	journal={NIPS},
	year={2015},
}
@article{mean-normalized-sgd,
	title={Parallel training of DNNs with natural gradient and parameter averaging.},
	author={Simon Wiesler and Alexander Richard Ralf and Schl\"{u}ter and Hermann Ney},
	journal={ICASSP},
	year={2014},
}
@article{deep-global-minima,
	title={Deep Learning without Poor Local Minima.},
	author={Kenji Kawaguchi},
	journal={NIPS},
	year={2016},
}
@article{nn-global-minima,
	title={Neural networks and principal component analysis: Learning from examples without local minima.},
	author={Pierre Baldi and Kurt Hornik},
	journal={Neural networks},
	volume={2},
	issue={1},
	year={1989},
}


% deep-mind
@article{matching-network,
	title={Matching Networks for One Shot Learning.},
	author={Oriol Vinyals and Charles Blundell and Timothy Lillicrap and Koray Kavukcuoglu and Daan Wierstra},
	journal={arxiv},
	year={2016},
}
@article{mann,
	title={One-shot Learning with Memory-Augmented Neural Networks.},
	author={Adam Santoro and Sergey Bartunov and Matthew Botvinick and Daan Wierstra and Timothy Lillicrap},
	journal={arxiv},
	year={2016},
}

% metric learning
@article{nca,
	title={Neighborhood Components Analysis.},
	author={Jacob Goldberger and Sam Roweis and Geoff Hinton and Ruslan Salakhutdinov},
	journal={NIPS},
	year={2005},
}
@article{metric-feature-transfer,
	title={Object classification from a single example utilizing class relevance metrics.},
	author={Michael Fink},
	journal={NIPS},
	year={2005},
}
@article{one-shot-siamese,
	title={Siamese neural networks for one-shot image recognition.},
	author={Gregory Koch and Richard Zemel and Ruslan Salakhutdinov.},
	journal={ICML Deep Learning workshop},
	year={2015},
}
@article{one-shot-face,
	title={Learning	a similarity metric discriminatively, with application to
	face verification.},
	author={Sumit Chopra and Raia Hadsell and Yann LeCun},
	journal={CVPR},
	year={2005},
}

% transfer learning
@article{feature-transfer,
	title={Cross-generalization: Learning novel classes from a single example by feature replacement.},
	author={Evgeniy Bart and Shimon Ullman},
	journal={CVPR},
	year={2005},
}
@article{attributes,
	title={Describing objects by their attributes.},
	author={Ali Farhadi and Ian Endres and Derek Hoiem and David Forsyth},
	journal={CVPR},
	year={2009},
}
@article{attributes-transfer,
	title={Learning to detect unseen object classes by between-class attribute transfer.},
	author={Christoph H. Lampert and Hannes Nickisch and Stefan Harmeling},
	journal={CVPR},
	year={2009},
}
@article{attributes-share,
	title={Sharing features between objects and their attributes.},
	author={Sung Ju Hwang and Fei Sha and Kristen Grauman},
	journal={CVPR},
	year={2011},
}

% zero-shot
@article{zero-shot,
	title={Zero-Shot Learning Through Cross-Modal Transfer.},
	author={Richard Socher and Milind Ganjoo and Christopher Manning and Andrew Ng},
	journal={NIPS},
	year={2013},
}
@article{zero-shot-convex,
	title={Zero-Shot Learning by Convex Combination of Semantic Embeddings.},
	author={Mohammad Norouzi and Tomas Mikolov and Samy Bengio and Yoram Singer and Jonathon Shlens and Andrea Frome and Greg S. Corrado and Jeffrey Dean},
	journal={arxiv},
	year={2013},
}
@article{eszsl,
	title={An embarrassingly simple approach to zero-shot learning.},
	author={Bernardino Romera-Paredes and Philip H. S. Torr},
	journal={ICML},
	year={2015},
}

% imagenet
@article{russakovsky2015imagenet,
  title={Imagenet large scale visual recognition challenge},
  author={Russakovsky, Olga and Deng, Jia and Su, Hao and Krause, Jonathan and Satheesh, Sanjeev and Ma, Sean and Huang, Zhiheng and Karpathy, Andrej and Khosla, Aditya and Bernstein, Michael and Alexander C. Berg and Li Fei-Fei},
  journal={IJCV},
  volume={115},
  number={3},
  pages={211--252},
  year={2015},
  publisher={Springer}
}

% adam
@article{adam,
	title={Adam: A method for stochastic optimization},
	author={Diederik Kingma and Jimmy Ba},
	journal={arxiv},
	year={2014},
}
@article{big-data,
	title={Exploiting the statistics of learning and inference},
	author={Max Welling},
	journal={NIPS 2014 Workshop on Probabilistic Models for Big Data},
	year={2014},
}

% theory
@article{vc-dim-nn,
	title={VC dimension of neural networks},
	author={Eduardo Sontag},
	journal={NATO ASI Series F Computer and Systems Sciences},
	year={1998},
	vol={168},
	pages={69-96},
}
@article{vc-dim,
	title={The Nature of Statistical Learning Theory},
	author={Vladimir Vapnik},
	journal={Data mining and knowledge discovery, Springer},
	year={1998},
}